<record><leader>00000cas a2200000 a 4500</leader><controlfield tag="001">19452929</controlfield><controlfield tag="008">890324d189u19uunyuwr ne      0    0eng c</controlfield><datafield ind1=" " ind2=" " tag="010"><subfield code="a">sn 89071127 </subfield></datafield><datafield ind1=" " ind2=" " tag="040"><subfield code="a">NYG</subfield><subfield code="b">eng</subfield><subfield code="c">NYG</subfield><subfield code="d">NYS</subfield><subfield code="d">NYG</subfield><subfield code="d">OCLCQ</subfield><subfield code="d">OCLCF</subfield><subfield code="d">OCLCO</subfield></datafield><datafield ind1="1" ind2=" " tag="029"><subfield code="a">AU@</subfield><subfield code="b">000020539851</subfield></datafield><datafield ind1=" " ind2=" " tag="042"><subfield code="a">pcc</subfield></datafield><datafield ind1=" " ind2=" " tag="043"><subfield code="a">n-us-ny</subfield></datafield><datafield ind1="0" ind2="0" tag="245"><subfield code="a">Greenpoint weekly star.</subfield></datafield><datafield ind1=" " ind2=" " tag="260"><subfield code="a">Brooklyn, N.Y. :</subfield><subfield code="b">Long Island Star Pub. Co.</subfield></datafield><datafield ind1=" " ind2=" " tag="300"><subfield code="a">v. :</subfield><subfield code="b">ill. ;</subfield><subfield code="c">57 cm.</subfield></datafield><datafield ind1=" " ind2=" " tag="310"><subfield code="a">Weekly</subfield></datafield><datafield ind1=" " ind2=" " tag="500"><subfield code="a">"Entirely independent."</subfield></datafield><datafield ind1=" " ind2=" " tag="500"><subfield code="a">"Established in 1875 by Thomas H. Todd": Publisher's statement.</subfield></datafield><datafield ind1=" " ind2=" " tag="580"><subfield code="a">Weekly ed. for Long Island City: Long Island weekly star, &lt;1895-1921&gt;.</subfield></datafield><datafield ind1=" " ind2=" " tag="580"><subfield code="a">Daily eds.: Long Island City daily star, &lt;1895&gt;, and: Greenpoint daily star, and: Daily star (Brooklyn, N.Y.), &lt;1898-1933&gt;, and: Long Island daily star, &lt;1933&gt;, and: Long Island star-journal, &lt;1938-1960&gt;.</subfield></datafield><datafield ind1=" " ind2=" " tag="580"><subfield code="a">Continues Saturday ed. of: Greenpoint daily star, &lt;1895&gt;.</subfield></datafield><datafield ind1=" " ind2=" " tag="588"><subfield code="a">Description based on: Vol. 19 (Jul. 7, 1894).</subfield></datafield><datafield ind1=" " ind2=" " tag="588"><subfield code="a">Latest issue consulted: Mar. 15, 1968.</subfield></datafield><datafield ind1=" " ind2="0" tag="651"><subfield code="a">Brooklyn (New York, N.Y.)</subfield><subfield code="v">Newspapers.</subfield></datafield><datafield ind1=" " ind2="0" tag="651"><subfield code="a">Greenpoint (New York, N.Y.)</subfield><subfield code="v">Newspapers.</subfield></datafield><datafield ind1=" " ind2="0" tag="651"><subfield code="a">Kings County (N.Y.)</subfield><subfield code="v">Newspapers.</subfield></datafield><datafield ind1=" " ind2="0" tag="651"><subfield code="a">New York (N.Y.)</subfield><subfield code="v">Newspapers.</subfield></datafield><datafield ind1=" " ind2="7" tag="655"><subfield code="a">Newspapers.</subfield><subfield code="2">fast</subfield><subfield code="0">(OCoLC)fst01423814</subfield></datafield><datafield ind1=" " ind2="7" tag="651"><subfield code="a">New York (State)</subfield><subfield code="z">Kings County.</subfield><subfield code="2">fast</subfield><subfield code="0">(OCoLC)fst01220099</subfield></datafield><datafield ind1=" " ind2="7" tag="651"><subfield code="a">New York (State)</subfield><subfield code="z">New York.</subfield><subfield code="2">fast</subfield><subfield code="0">(OCoLC)fst01204333</subfield></datafield><datafield ind1=" " ind2="7" tag="651"><subfield code="a">New York (State)</subfield><subfield code="z">New York</subfield><subfield code="z">Brooklyn.</subfield><subfield code="2">fast</subfield><subfield code="0">(OCoLC)fst01312516</subfield></datafield><datafield ind1=" " ind2="7" tag="651"><subfield code="a">New York (State)</subfield><subfield code="z">New York</subfield><subfield code="z">Greenpoint.</subfield><subfield code="2">fast</subfield><subfield code="0">(OCoLC)fst01323581</subfield></datafield><datafield ind1=" " ind2=" " tag="752"><subfield code="a">United States</subfield><subfield code="b">New York</subfield><subfield code="c">Kings</subfield><subfield code="d">Brooklyn.</subfield></datafield><datafield ind1=" " ind2=" " tag="752"><subfield code="a">United States</subfield><subfield code="b">New York</subfield><subfield code="c">Kings</subfield><subfield code="d">Greenpoint.</subfield></datafield><datafield ind1=" " ind2=" " tag="752"><subfield code="a">United States</subfield><subfield code="b">New York</subfield><subfield code="d">New York.</subfield></datafield><datafield ind1="1" ind2=" " tag="775"><subfield code="t">Long Island weekly star</subfield><subfield code="w">(DLC)sn 84027442</subfield><subfield code="w">(OCoLC)11117694</subfield></datafield><datafield ind1="1" ind2=" " tag="775"><subfield code="t">Long Island City daily star</subfield><subfield code="w">(DLC)sn 84035007</subfield><subfield code="w">(OCoLC)11523364</subfield></datafield><datafield ind1="1" ind2=" " tag="775"><subfield code="t">Greenpoint daily star</subfield><subfield code="w">(DLC)sn 84035008</subfield><subfield code="w">(OCoLC)11523385</subfield></datafield><datafield ind1="1" ind2=" " tag="775"><subfield code="t">Daily star (Brooklyn, New York, N.Y.)</subfield><subfield code="w">(DLC)sn 84027443</subfield><subfield code="w">(OCoLC)11121552</subfield></datafield><datafield ind1="1" ind2="1" tag="780"><subfield code="t">Greenpoint daily star</subfield><subfield code="w">(DLC)sn 84035008</subfield><subfield code="w">(OCoLC)11523385</subfield></datafield><datafield ind1="0" ind2="4" tag="785"><subfield code="t">Long Island daily star and North Shore daily journal</subfield><subfield code="w">(DLC)sn 89007117</subfield><subfield code="w">(OCoLC)19481799</subfield></datafield></record>